@MISC{ICPBM,
  AUTHOR = {Besl and McKay},
  TITLE = {{A Method for Registration of 3-D Shapes}},
  HOWPUBLISHED = {$http://graphics.stanford.edu/courses/cs164-09-spring/Handouts/paper_icp.pdf$},
  YEAR = {1992}
  } 

@MISC{ICPCM,
  AUTHOR = {Yang Chen and GÃ©rard Medioni},
  TITLE = {{Object Modeling by Registration of Multiple Range Images}},
  HOWPUBLISHED = {$https://graphics.stanford.edu/~smr/ICP/comparison/chen-medioni-align-rob91.pdf$},
  YEAR = {1991}
  }


@InProceedings{PCL,
  author    = {Radu Bogdan Rusu and Steve Cousins},
  title     = {{3D is here: Point Cloud Library (PCL)}},
  booktitle = {{IEEE International Conference on Robotics and Automation (ICRA)}},
  month     = {May 9-13},
  year      = {2011},
  address   = {Shanghai, China}
}

@MISC{PCL_2,
  AUTHOR = {Aitor Aldoma et al},
  TITLE = {{Point Cloud Library}},
  HOWPUBLISHED = {$https://www.inf.ethz.ch/personal/zeislb/publications/aldoma_2012jram_PCLTutorial.pdf$},
  YEAR = {2012}
  } %kommentar

@MISC{ZCAM,
  AUTHOR = {G.J. Iddan and G. Yahav},
  TITLE = {{3D Imaging in the studio (and elsewhere...)}},
  HOWPUBLISHED = {$https://classes.soe.ucsc.edu/cmps290b/Fall05/readings/iddan.pdf$},
  year      = {2016},
  }% nicht angegeben

@MISC{PMD,
  AUTHOR = {Dr.-Ing. Thorsten Ringbeck and Dipl.-Ing. Biancca Hagenbeuker},
  TITLE = {{A 3D Time of Flight Camera for Object Detection}},
  HOWPUBLISHED = {$http://www.ifm.hk/obj/O1D_Paper-PMD.pdf$},
 year      = {2016},
  }% nicht angegeben


@MISC{kdtree_2,
  AUTHOR = {Michael Greenspan and Mike Yurick},
  TITLE = {{Approximate K-D Tree Search for Efficient ICP}},
  HOWPUBLISHED = {$https://www.semanticscholar.org/paper/Approximate-K-D-Tree-Search-for-Efficient-ICP-Greenspan-Yurick/d6234fba8e5d5a05eeb6f88c6e8d591245f8a896/pdf$} ,
 year      = {2016},
  }%eher keine gute quelle, also unbenutzt% nicht angegeben

@MISC{kdtree,
  AUTHOR = {John L. Bentley},
  TITLE = {{Multidimensional Binary Search Trees used for Associative Searching}},
  HOWPUBLISHED = {$https://www.semanticscholar.org/paper/Approximate-K-D-Tree-Search-for-Efficient-ICP-Greenspan-Yurick/d6234fba8e5d5a05eeb6f88c6e8d591245f8a896/pdf$},
  YEAR = {1975}
  }% muss ich noch lesen


@MISC{ToF,
  AUTHOR = {Robert Lange and Peter Seitz},
  TITLE = {{Solid-State Time-of-Flight Range Camera}},
  HOWPUBLISHED = {$https://www.researchgate.net/profile/Peter_Seitz/publication/2966374_Solid-State_Time-of-Flight_Range_Camera/links/0f31753c00c72ad583000000.pdf$} ,
 year      = {2016},
  }% nicht angegeben

@MISC{scholl,
  AUTHOR = {Prof. Ingrid Scholl},
  TITLE = {{3D Bildverarbeitung - Techniken und Algorithmen}},
  HOWPUBLISHED = {Script, FH Aachen} ,
 year      = {2015},
  }

@MISC{RW1,
  AUTHOR = {Dr. Nicola D'Apuzzo},
  TITLE = {{3D body scanning technology for fashion and apparel industry}},
  HOWPUBLISHED = {$http://hometrica.ch/publ/2007_videometrics.pdf$} ,
 year      = {2007},
  }

@MISC{kinfu,
  AUTHOR = {Sharam Izadi and David Kim and Otmar Hilliges and David Molyneaux, Richartd Newcombe and Pushmeet Kohli and Jamie Shotton and Steve Hodges and Dustin Freeman and Andrew Davison and Andrew Fitzgibbon},
  TITLE = {{KinectFusion: Real-time 3D Reconstruction and Interaction
Using a Moving Depth Camera}},
  HOWPUBLISHED = {$http://research.microsoft.com/en-us/um/people/pkohli/papers/uist_2011.pdf$} ,
 year      = {2011},
  }

